@book{Love:2010:LKD:1855096,
   author = {Love, Robert},
   title = {Linux Kernel Development},
   year = {2010},
   isbn = {0672329468, 9780672329463},
   edition = {3rd},
   publisher = {Addison-Wesley Professional},
} 

